@misc{RGPD,
  title        = {Reglamento ({UE}) 2016/679 del {P}arlamento {E}uropeo y del {C}onsejo},
  howpublished = {Diario Oficial de la Unión Europea, de 4 de mayo de 2016, núm. 119, pp. 1--88},
  titleaddon   = {de 27 de abril de 2016 relativo a la protección de las personas físicas en lo que respecta al tratamiento de datos personales y a la libre circulación de estos datos y por el que se deroga la Directiva 95/46/CE (Reglamento general de protección de datos)},
  journal      = {law},
  url          = {https://eur-lex.europa.eu/eli/reg/2016/679/oj},
}

@misc{LOPDPGDD,
  title        = {Ley Orgánica 3/2018},
  titleaddon   = {de 5 de diciembre, de Protección de Datos Personales y garantía de los derechos digitales},
  howpublished = {Boletín Oficial del Estado, de 6 de diciembre de 2018, núm. 294},
  journal      = {law},
  url          = {https://www.boe.es/eli/es/lo/2018/12/05/3/con},
}


@online{benji,
  title         = {Mudanzas Benji},
  year          = {2017},
  url           = {https://www.mudanzasbenji.com/},
  urldate       = {2024-10-10},
}

@online{alcorcon,
  title         = {Mudanzas Segoviana Madrid},
  year          = {2018},
  url           = {https://www.amsegoviana.com/mudanzas-alcorcon},
  urldate       = {2024-10-10},
}

@online{coveryourtracks,
  author        = {{E}lectronic {F}rontier {F}oundation},
  title         = {Cover Your Tracks},
  year          = {2010},
  url           = {https://coveryourtracks.eff.org/},
  urldate       = {2024-10-14},
}

@online{coveryourtracksreport,
  author        = {{E}lectronic {F}rontier {F}oundation},
  title         = {Cover Your Tracks Report},
  year          = {2010},
  url           = {https://coveryourtracks.eff.org/results?&aat=1&a=1111&t=1111&dnt=1111&fpi_whorls=%7B%22v2%22%3A%7B%22plugins%22%3A%22Plugin+0%3A+Chrome+PDF+Viewer%3B+Portable+Document+Format%3B+internal-pdf-viewer%3B+%28Portable+Document+Format%3B+application%2Fpdf%3B+pdf%29+%28Portable+Document+Format%3B+text%2Fpdf%3B+pdf%29.+Plugin+1%3A+Chromium+PDF+Viewer%3B+Portable+Document+Format%3B+internal-pdf-viewer%3B+%28Portable+Document+Format%3B+application%2Fpdf%3B+pdf%29+%28Portable+Document+Format%3B+text%2Fpdf%3B+pdf%29.+Plugin+2%3A+Microsoft+Edge+PDF+Viewer%3B+Portable+Document+Format%3B+internal-pdf-viewer%3B+%28Portable+Document+Format%3B+application%2Fpdf%3B+pdf%29+%28Portable+Document+Format%3B+text%2Fpdf%3B+pdf%29.+Plugin+3%3A+PDF+Viewer%3B+Portable+Document+Format%3B+internal-pdf-viewer%3B+%28Portable+Document+Format%3B+application%2Fpdf%3B+pdf%29+%28Portable+Document+Format%3B+text%2Fpdf%3B+pdf%29.+Plugin+4%3A+WebKit+built-in+PDF%3B+Portable+Document+Format%3B+internal-pdf-viewer%3B+%28Portable+Document+Format%3B+application%2Fpdf%3B+pdf%29+%28Portable+Document+Format%3B+text%2Fpdf%3B+pdf%29.+%22%2C%22hardware_concurrency%22%3A8%2C%22audio%22%3A%22124.04346607114712%22%2C%22canvas_hash_v2%22%3A%222f48771e4d986bfb8bd4b4bf0872d87b%22%2C%22webgl_hash_v2%22%3A%22d5f1c0e3f5df1e2275ef08aef73bf5b3%22%7D%7D},
  urldate       = {2024-10-16},

}

@online{benjiprivacidad,
  title         = {Mudanzas Benji - Política de privacidad},
  year          = {2017},
  url           = {https://www.mudanzasbenji.com/politica-de-privacidad},
  urldate       = {2024-10-16},
}
